@book{adams1995hitchhiker,
  title={The Hitchhiker's Guide to the Galaxy},
  author={Adams, D.},
  isbn={9781417642595},
  url={http://books.google.com/books?id=W-xMPgAACAAJ},
  year={1995},
  publisher={San Val}
}

@book{ogata2010modern,
  title={Modern Control Engineering},
  author={Ogata, K.},
  isbn={9780136156734},
  lccn={2010483801},
  series={Instrumentation and controls series},
  year={2010},
  publisher={Prentice Hall}
}

@book{studentWorkbook,
  title={Student Workbook: SRV02 Base Unit Experiment For Matlab/Simulink Users},
  author={Apkarian, J. and LÃ©vic, M. and Gurocak, H.},
  publisher={Quanser Inc.}
}